%% This BibTeX bibliography file was created using BibDesk.
%% http://bibdesk.sourceforge.net/


%% Created for Richard Stern at 2018-05-29 17:06:03 -0400


%% Saved with string encoding Unicode (UTF-8)



@article{galembo1999,
	Author = {A. Galembo and A. Askenfelt},
	Date-Added = {2018-05-29 21:03:13 +0000},
	Date-Modified = {2018-05-29 21:06:03 +0000},
	Journal = {IEEE Transactions on Speech and Audio Processing},
	Number = {2},
	Pages = {197--203},
	Title = {Signal representation and estimation of spectral parameters by inharmonic comb filters with application to the piano },
	Volume = {7},
	Year = {1999}}

@inproceedings{abesser2012,
	Address = {London, UK},
	Author = {J. Abe{\ss}er},
	Booktitle = {From Sounds to Music and Emotions - 9th International Symposium, CMMR 2012},
	Month = {June},
	Pages = {333-352},
	Title = {Automatic String Detection for Bass Guitar and Electric Guitar},
	Year = {2012}}

@inproceedings{barbanchoi2012,
	Author = {I. Barbancho and L Tard{\'o}n and S. Sammartino and A. Barbancho},
	Booktitle = {Proceedings of the IEEE Transactions on Audio, Speech, and Language Processing},
	Month = {August},
	Pages = {1857-1868},
	Title = {Inharmonicity-based method for the automatic generation of guitar tablature},
	Year = {2012}}

@inproceedings{barbanchoa2012,
	Author = {A. Barbancho and A. Klapuri and L. Tard{\'o}n and I. Barbancho},
	Booktitle = {Proceedings of the IEEE Transactions on Speech and Language Processing},
	Month = {March},
	Pages = {915-921},
	Title = {Automatic transcription of guitar chords and fingering from audio},
	Year = {2012}}

@inproceedings{barbancho2009,
	Address = {Munich, Germany},
	Author = {I. Barbancho and A. Barbancho and L. Tard{\'o}n and S. Sammartino},
	Booktitle = {Proceedings of the 126th Audio Engineering Society (AES) Convention},
	Title = {Pitch and Played String Estimation in Classic and Acoustic Guitars},
	Year = {2009}}

@article{bello2005,
	Author = {J. Bello and L. Daudet and S. Abdallah and C. Duxbury and M. Davies and M. Sandler},
	Journal = {IEEE Transactions on Speech and Audio Processing},
	Number = {5},
	Pages = {1035-1047},
	Title = {A Tutorial on Onset Detection in Music Signals},
	Volume = {13},
	Year = {2005}}

@inproceedings{burlet2013,
	Author = {G. Burlet and I. Fujinaga},
	Booktitle = {Proceedings of the 14th International Society for Music Information Retrieval Conference},
	Month = {November},
	Title = {Robotaba guitar tablature transcription framework},
	Year = {2013}}

@mastersthesis{burlet2015,
	Address = {Canada},
	Author = {G. Burlet},
	School = {University of Alberta},
	Title = {Guitar Tablature Transcription using a Deep Belief Network},
	Year = {2015}}

@inproceedings{burns2006,
	Address = {France},
	Author = {A. Burns and M. Wanderley,},
	Booktitle = {Proc. Conf. New Interfaces for Musical Expression},
	Month = {June},
	Pages = {196-199},
	Title = {Visual methods for the retrieval of guitarist fingering},
	Year = {2006}}

@INPROCEEDINGS{dittmar2013,
author = {Christian Dittmar and Andreas M{\"a}nnchen and Jakob Abe{\ss}er},
title = {Real-time Guitar String Detection for Music Education Software},
booktitle = {Proceedings of the 14th International Workshop on Image and Audio
Analysis for Multimedia Interactive Services (WIAMIS)},
year = {2013},
address = {Paris, France},
}

@inproceedings{dixon2006,
	Address = {Montreal, Canada},
	Author = {S. Dixon},
	Booktitle = {Proceedings of the 9th International Conference on Digital Audio Effects (DAFx-06)},
	Month = {September},
	Title = {Onset Detection Revisited},
	Year = {2006}}

@article{faria2010,
	Author = {S. Faria and G. Soromenho},
	Journal = {Journal of Statistical Computation and Simulation},
	Month = {February},
	Number = {2},
	Pages = {201-225},
	Title = {Fitting mixtures of linear regressions},
	Volume = {80},
	Year = {2010}}

@book{fletcher1998,
	Author = {N. Fletcher and T. Rossing},
	Publisher = {Springer-Verlag},
	Title = {The Physics of Musical Instruments},
	Year = {1998}}

@article{fletcher1962,
	Author = {H. Fletcher and E. Blackham and R. Stratton},
	Journal = {Journal of the Acoustical Society of America},
	Number = {6},
	Pages = {749-761},
	Title = {Quality of Piano Tones},
	Volume = {34},
	Year = {1962}}

@inproceedings{galembo1979,
	Author = {A. Galembo},
	Booktitle = {Proc. of 18th Acoust. Conf. of Czechoslovakia},
	Page = {45-48},
	Title = {Method for objective evaluation of the sound quality in piano trebles (in Russian)},
	Year = {1979}}

@book{galembo1987,
	Address = {Moscow},
	Author = {A. Galembo},
	Publisher = {Legkaya Industria Press},
	Title = {The quality of piano tones (in Russian)},
	Year = {1987}}

@inproceedings{hrybyk2010,
	Address = {Utrecht, Netherlands},
	Author = {A. Hrybyk and Y. Kim},
	Booktitle = {Proc. of the 11th International Society for Music Information Retrieval (ISMIR)},
	Pages = {159-164},
	Title = {Combined Audio and Video for Guitar Chord Identification},
	Year = {2010}}

@inproceedings{gagnon2003,
	Author = {T. Gagnon and S. Larouche and R. Lefebvre},
	Booktitle = {Conf. Rec. 37th Asilomar Conf. Signals, Systems, Comput.},
	Pages = {2106-2109},
	Title = {A neural network approach for preclassification in musical chords recognition},
	Volume = {2},
	Year = {2003}}

@article{galembo1994,
	Author = {A. Galembo and A. Askenfelt},
	Journal = {STL-QPSR},
	Number = {1},
	Pages = {135-144},
	Title = {Measuring inharmonicity through pitch extraction},
	Volume = {35},
	Year = {1994}}

@inproceedings{goto2003,
	Author = {M. Goto and H. Hashiguchi and T. Nishimura and R. Oka},
	Booktitle = {Proceedings of the 4th International Conference on Music Information Retrieval (ISMIR 2003)},
	Month = {October},
	Pages = {229-230},
	Title = {R{W}{C} Music Database: Music Genre Database and Musical Instrument Sound Database},
	Year = {2003}}

@inproceedings{hodgkinson2009,
	Address = {Como, Italy},
	Author = {M. Hodgkinson and J. Wang and J. Timoney and V. Lazzarini},
	Booktitle = {Proc. of the 12th Int. Conference on Digital Audio Effects (DAFx-09)},
	Month = {September},
	Title = {Handling Inharmonic series with median-adjustive trajectories},
	Year = {2009}}

@article{jarvelainen2003,
	Author = {H. J{\"a}rvel{\"a}inen and V. V{\"a}lim{\"a}ki and T. Verma},
	Journal = {Journal of New Music Research},
	Number = {4},
	Pages = {311-319},
	Title = {Perception and adjustment of pitch in inharmonic string instrument sounds},
	Volume = {31},
	Year = {2003}}

@inproceedings{kehling2014,
	Address = {Erlangen, Germany},
	Author = {C. Kehling and J. Abe{\ss}er and C. Dittmar and G. Schuller},
	Booktitle = {Proc. of the 17th Int. Conference on Digital Audio Effects (DAFx-14)},
	Month = {September},
	Title = {Automatic Tablature Transcription of Electric Guitar Recordings by Estimation of Score- and Instrument-related Parameters},
	Year = {2014}}

@inproceedings{kerd2007,
	Author = {C. Kerdvibulvech and H. Saito},
	Booktitle = {Comput. Graph., Imag., Visualisat. (CGIV)},
	Pages = {419-428},
	Title = {Vision-based detection of guitar players' fingertips without markers},
	Year = {2007}}

@inproceedings{macrae2010,
	Author = {R. Macrae and S. Dixon},
	Booktitle = {Proc. Int. Conf. Multimedia Expo},
	Pages = {725-726},
	Title = {A guitar tablature score follower},
	Year = {2010}}

@inproceedings{maezawa2009,
	Author = {A. Maezawa and K. Itoyama and T. Takahashi and T. Ogata and H.G. Okuno},
	Booktitle = {Proc. of the 11th IEEE International Symposium on Multimedia (ISM 2009},
	Title = {Bowed String Sequence Estimation of a Violin Based on Adaptive Audio Signal Classification and Context-Dependent Error Correction}}

@misc{matlab-robustfit,
	Author = {{The MathWorks}},
	Howpublished = {\url{http://www.mathworks.com/help/curvefit/least-squares-fitting.html}},
	Month = {June},
	Title = {{Least-Squares Fitting Documentation}},
	Year = {2017}}

@Article{McNemar1947,
	author="McNemar, Quinn",
	title="Note on the sampling error of the difference between correlated proportions or percentages",
	journal="Psychometrika",
	year="1947",
	month="Jun",
	day="01",
	volume="12",
	number="2",
	pages="153--157",
	abstract="Two formulas are presented for judging the significance of the difference between correlated proportions. The chi square equivalent of one of the developed formulas is pointed out.",
	issn="1860-0980",
	doi="10.1007/BF02295996",
	url="https://doi.org/10.1007/BF02295996"
	}

@inproceedings{noll1969,
	Address = {New York, N.Y.},
	Author = {A. Noll},
	Booktitle = {Computer Processing in Communications Proceedings},
	Month = {April},
	Pages = {779-797},
	Title = {Pitch Determination of Human Speech by the Harmonic Product Spectrum, the Harmonic Sum Spectrum, and a Maximum Likelihood Estimate},
	Year = {1969}}

@inproceedings{ng2001,
	Author = {A. Ng and M. Jordan and Y. Weiss},
	Booktitle = {Advances in Neural Information Processing Systems},
	Pages = {849-856},
	Publisher = {MIT Press},
	Title = {On Spectral Clustering: Analysis and an algorithm},
	Year = {2001}}

@inproceedings{ogrady2009,
	Address = {Dublin, Ireland},
	Author = {P. O'Grady and S. Rickard},
	Booktitle = {Proc. IET Irish Signals Syst. Conf. (ISSC 2009)},
	Pages = {1-6},
	Title = {Automatic hexaphonic guitar transcription using non-negative constraints},
	Year = {2009}}

@inproceedings{paleari2008,
	Author = {M. Paleari and B. Huet and A. Schutz and D. Slock},
	Booktitle = {Proc. 15th IEEE Int. Conf. Image Process (ICIP)},
	Pages = {93-96},
	Title = {A multimodal approach to music transcription},
	Year = {2008}}

@inproceedings{radicioni2005,
	Author = {D. Radicioni and C. D. Scienza and V. Lombardo},
	Booktitle = {Proc. Int. Comput. Music Assoc.},
	Pages = {527-530},
	Title = {Guitar fingering for music performance},
	Year = {2005}}

@inproceedings{radisav2004,
	Author = {A. Radisavljevic and P. Driessen},
	Booktitle = {Proc. Int. Comput. Music Conf. (ICMC04)},
	Title = {Path difference learning for guitar fingering problem},
	Year = {2004}}

@article{rauhala2007,
	Author = {J. Rauhala and H. M. Lehtonen and V. V{\"a}lim{\"a}ki},
	Journal = {Journal of the Acoustical Society of America},
	Number = {5},
	Pages = {184-189},
	Title = {Fast automatic inharmonicity estimation algorithm},
	Volume = {121},
	Year = {2007}}

@article{sayegh1989,
	Author = {S. Sayegh},
	Journal = {Computer Music Journal},
	Number = {3},
	Pages = {76-84},
	Title = {Fingering for string instruments with the optimum path paradigm},
	Volume = {13},
	Year = {1989}}

@inproceedings{short2006,
	Address = {Paris, France},
	Author = {K. Short and R. Garcia},
	Booktitle = {Audio Engineering Society 120th Convention},
	Month = {May},
	Title = {Signal Analysis using the Complex Spectral Phase Evolution {(CSPE)} Method},
	Year = {2006}}

@article{shi2000,
	Author = {J. Shi and J. Malik},
	Journal = {IEEE Transactions on Pattern Analysis and Machine Intelligence},
	Month = {August},
	Number = {8},
	Pages = {888-905},
	Title = {Normalized cuts and image segmentation},
	Volume = {22},
	Year = {2000}}

@inproceedings{tuohy2006,
	Author = {D. Tuohy and W. D. Potter},
	Booktitle = {Advances in Applied Artificial Intelligence: 19th International Conference on Industrial, Engineering and Other Applications of Applied Intelligent Systems, {IEA/AIE} 2006, Annecy, France, June 27-30, 2006, Proceedings},
	Pages = {244-253},
	Title = {Generating Guitar Tablature with {LHF} Notation Via {DGA} and {ANN}},
	Year = {2006}}

@inproceedings{yazawa2013,
	Author = {K. Yazawa and D. Sakaue and K. Nagira and K. Itoyama and H. Okuno},
	Booktitle = {Proceedings of the International Conference on Acoustics, Speech, and Signal Processing},
	Pages = {196-200},
	Title = {Audio-based Guitar Tablature Transcription using Multipitch Analysis and Playability Constraints},
	Year = {2013}}
